@misc{chao2024jailbreakingblackboxlarge,
      title={Jailbreaking Black Box Large Language Models in Twenty Queries}, 
      author={Patrick Chao and Alexander Robey and Edgar Dobriban and Hamed Hassani and George J. Pappas and Eric Wong},
      year={2024},
      eprint={2310.08419},
      archivePrefix={arXiv},
      primaryClass={cs.LG},
      url={https://arxiv.org/abs/2310.08419}, 
}

@misc{zou2023universaltransferableadversarialattacks,
      title={Universal and Transferable Adversarial Attacks on Aligned Language Models}, 
      author={Andy Zou and Zifan Wang and Nicholas Carlini and Milad Nasr and J. Zico Kolter and Matt Fredrikson},
      year={2023},
      eprint={2307.15043},
      archivePrefix={arXiv},
      primaryClass={cs.CL},
      url={https://arxiv.org/abs/2307.15043}, 
}

@misc{liu2024autodangeneratingstealthyjailbreak,
      title={AutoDAN: Generating Stealthy Jailbreak Prompts on Aligned Large Language Models}, 
      author={Xiaogeng Liu and Nan Xu and Muhao Chen and Chaowei Xiao},
      year={2024},
      eprint={2310.04451},
      archivePrefix={arXiv},
      primaryClass={cs.CL},
      url={https://arxiv.org/abs/2310.04451}, 
}

@misc{vaswani2023attentionneed,
      title={Attention Is All You Need}, 
      author={Ashish Vaswani and Noam Shazeer and Niki Parmar and Jakob Uszkoreit and Llion Jones and Aidan N. Gomez and Lukasz Kaiser and Illia Polosukhin},
      year={2023},
      eprint={1706.03762},
      archivePrefix={arXiv},
      primaryClass={cs.CL},
      url={https://arxiv.org/abs/1706.03762}, 
}

@misc{bahdanau2016neuralmachinetranslationjointly,
      title={Neural Machine Translation by Jointly Learning to Align and Translate}, 
      author={Dzmitry Bahdanau and Kyunghyun Cho and Yoshua Bengio},
      year={2016},
      eprint={1409.0473},
      archivePrefix={arXiv},
      primaryClass={cs.CL},
      url={https://arxiv.org/abs/1409.0473}, 
}

@misc{devlin2019bertpretrainingdeepbidirectional,
      title={BERT: Pre-training of Deep Bidirectional Transformers for Language Understanding}, 
      author={Jacob Devlin and Ming-Wei Chang and Kenton Lee and Kristina Toutanova},
      year={2019},
      eprint={1810.04805},
      archivePrefix={arXiv},
      primaryClass={cs.CL},
      url={https://arxiv.org/abs/1810.04805}, 
}

@misc{brown2020languagemodelsfewshotlearners,
      title={Language Models are Few-Shot Learners}, 
      author={Tom B. Brown and Benjamin Mann and Nick Ryder and Melanie Subbiah and Jared Kaplan and Prafulla Dhariwal and Arvind Neelakantan and Pranav Shyam and Girish Sastry and Amanda Askell and Sandhini Agarwal and Ariel Herbert-Voss and Gretchen Krueger and Tom Henighan and Rewon Child and Aditya Ramesh and Daniel M. Ziegler and Jeffrey Wu and Clemens Winter and Christopher Hesse and Mark Chen and Eric Sigler and Mateusz Litwin and Scott Gray and Benjamin Chess and Jack Clark and Christopher Berner and Sam McCandlish and Alec Radford and Ilya Sutskever and Dario Amodei},
      year={2020},
      eprint={2005.14165},
      archivePrefix={arXiv},
      primaryClass={cs.CL},
      url={https://arxiv.org/abs/2005.14165}, 
}

@misc{jain2023baselinedefensesadversarialattacks,
      title={Baseline Defenses for Adversarial Attacks Against Aligned Language Models}, 
      author={Neel Jain and Avi Schwarzschild and Yuxin Wen and Gowthami Somepalli and John Kirchenbauer and Ping-yeh Chiang and Micah Goldblum and Aniruddha Saha and Jonas Geiping and Tom Goldstein},
      year={2023},
      eprint={2309.00614},
      archivePrefix={arXiv},
      primaryClass={cs.LG},
      url={https://arxiv.org/abs/2309.00614}, 
}

@misc{guo2024coldattackjailbreakingllmsstealthiness,
      title={COLD-Attack: Jailbreaking LLMs with Stealthiness and Controllability}, 
      author={Xingang Guo and Fangxu Yu and Huan Zhang and Lianhui Qin and Bin Hu},
      year={2024},
      eprint={2402.08679},
      archivePrefix={arXiv},
      primaryClass={cs.LG},
      url={https://arxiv.org/abs/2402.08679}, 
}

@misc{qin2022colddecodingenergybasedconstrained,
      title={COLD Decoding: Energy-based Constrained Text Generation with Langevin Dynamics}, 
      author={Lianhui Qin and Sean Welleck and Daniel Khashabi and Yejin Choi},
      year={2022},
      eprint={2202.11705},
      archivePrefix={arXiv},
      primaryClass={cs.CL},
      url={https://arxiv.org/abs/2202.11705}, 
}

@misc{shayegani2023jailbreakpiecescompositionaladversarial,
      title={Jailbreak in pieces: Compositional Adversarial Attacks on Multi-Modal Language Models}, 
      author={Erfan Shayegani and Yue Dong and Nael Abu-Ghazaleh},
      year={2023},
      eprint={2307.14539},
      archivePrefix={arXiv},
      primaryClass={cs.CR},
      url={https://arxiv.org/abs/2307.14539}, 
}

@misc{lv2024codechameleonpersonalizedencryptionframework,
      title={CodeChameleon: Personalized Encryption Framework for Jailbreaking Large Language Models}, 
      author={Huijie Lv and Xiao Wang and Yuansen Zhang and Caishuang Huang and Shihan Dou and Junjie Ye and Tao Gui and Qi Zhang and Xuanjing Huang},
      year={2024},
      eprint={2402.16717},
      archivePrefix={arXiv},
      primaryClass={cs.CL},
      url={https://arxiv.org/abs/2402.16717}, 
}

@misc{zhu2023autodaninterpretablegradientbasedadversarial,
      title={AutoDAN: Interpretable Gradient-Based Adversarial Attacks on Large Language Models}, 
      author={Sicheng Zhu and Ruiyi Zhang and Bang An and Gang Wu and Joe Barrow and Zichao Wang and Furong Huang and Ani Nenkova and Tong Sun},
      year={2023},
      eprint={2310.15140},
      archivePrefix={arXiv},
      primaryClass={cs.CR},
      url={https://arxiv.org/abs/2310.15140}, 
}

@misc{wei2023jailbrokendoesllmsafety,
      title={Jailbroken: How Does LLM Safety Training Fail?}, 
      author={Alexander Wei and Nika Haghtalab and Jacob Steinhardt},
      year={2023},
      eprint={2307.02483},
      archivePrefix={arXiv},
      primaryClass={cs.LG},
      url={https://arxiv.org/abs/2307.02483}, 
}